% Papers Mercado Eléctrico
% articulo Didier sobre mercados Electricos
@article{Aussel2017NashEI,
  title={Nash equilibrium in a pay-as-bid electricity market Part 2 - best response of a producer},
  author={Didier Aussel and Pascale Bendotti and Miroslav Pistek},
  journal={Optimization},
  year={2017},
  volume={66},
  pages={1027 - 1053},
  url={https://api.semanticscholar.org/CorpusID:18648572}
}
% 2016 Didier
@article{Aussel2016DeregulatedEM,
  title={Deregulated electricity markets with thermal losses and production bounds: models and optimality conditions},
  author={Didier Aussel and Michal Cervinka and Matthieu Marechal},
  journal={RAIRO Oper. Res.},
  year={2016},
  volume={50},
  pages={19-38},
  url={https://api.semanticscholar.org/CorpusID:41625879}
}
% 2013 Didier
@article{Aussel2013ElectricitySM,
  title={Electricity spot market with transmission losses},
  author={Didier Aussel and Rafael Correa and Matthieu Marechal},
  journal={Journal of Industrial and Management Optimization},
  year={2013},
  volume={9},
  pages={275-290},
  url={https://api.semanticscholar.org/CorpusID:123542662}
}

% Usos ML
% Dempe
@book{DempeyZemkoho2020ML,
  author = {Dempe, Stephan and Zemkoho, Alain},
  year = {2020},
  title = {Bilevel Optimization: Advances and Next Challenges},
  chapter = {6},
  isbn = {978-3-030-52119-6}
}

% Usos EPI
% Ramos 2016
@article{Ramos2016WaterII,
  title={Water integration in eco-industrial parks using a multi-leader-follower approach},
  author={Manuel A. Ramos and Marianne Boix and Didier Aussel and Ludovic Montastruc and Serge Domenech},
  journal={Comput. Chem. Eng.},
  year={2016},
  volume={87},
  pages={190-207},
  url={https://api.semanticscholar.org/CorpusID:26463725}
}
% Ramos 2018
@article{Ramos2018UtilityNO,
  title={Utility network optimization in eco-industrial parks by a multi-leader follower game methodology},
  author={Manuel A. Ramos and Mariona Rocafull and Marianne Boix and Didier Aussel and Ludovic Montastruc and Serge Domenech},
  journal={Comput. Chem. Eng.},
  year={2018},
  volume={112},
  pages={132-153},
  url={https://api.semanticscholar.org/CorpusID:4003323}
}
% Gu 2020
@article{Gu2020BilevelOL,
  title={Bi-level optimal low-carbon economic dispatch for an industrial park with consideration of multi-energy price incentives},
  author={Haifei Gu and Yang Li and Jie Yu and Chen Wu and Tianli Song and Jinzhou Xu},
  journal={Applied Energy},
  year={2020},
  volume={262},
  pages={114276},
  url={https://api.semanticscholar.org/CorpusID:213998633}
}

% SLSF
% Ejemplo en redes ferroviarias para disminiur riesgo
@article{Bhavsar2021ASP,
  title={A subsidy policy to managing hazmat risk in railroad transportation network},
  author={Nishit Bhavsar and Manish Verma},
  journal={Eur. J. Oper. Res.},
  year={2021},
  volume={300},
  pages={633-646},
  url={https://api.semanticscholar.org/CorpusID:238706367}
}

% NP-Hard
% Demostracion 1985
@article{Jeroslow1985ThePHNP,
  title={The polynomial hierarchy and a simple model for competitive analysis},
  author={Robert G. Jeroslow},
  journal={Mathematical Programming},
  year={1985},
  volume={32},
  pages={146-164},
  url={https://api.semanticscholar.org/CorpusID:39987722}
}

% Segunda via
@article{jonathan_f__bard_1991NP,
        title={ Some properties of the bilevel programming problem },
        author={ Jonathan F. Bard },
        journal={ Journal of Optimization Theory and Applications },
        year={ 1991 },
        publisher={ Kluwer Academic Publishers-Plenum Publishers },
        volume={ 68 },
        pages={ 371-378 },
        number={ 2 },
        
        
        doi={ 10.1007/BF00941574 },  
      }


% Segun Dempe en el libro
@book{DempeyZemkoho2020,
  author = {Dempe, Stephan and Zemkoho, Alain},
  year = {2020},
  title = {Bilevel Optimization: Advances and Next Challenges},
  isbn = {978-3-030-52119-6}
}

% Tesis doctoral Cerulli
@phdthesis{phdthesisCerulli,
author = {Cerulli, Martina},
year = {2021},
month = {12},
title = {Bilevel optimization and applications}
}
% Alg metaheur'isticos y evolutivos 
@article{Sinha2017ARO,
  title={A Review on Bilevel Optimization: From Classical to Evolutionary Approaches and Applications},
  author={Ankur Sinha and Pekka Malo and Kalyanmoy Deb},
  journal={IEEE Transactions on Evolutionary Computation},
  year={2017},
  volume={22},
  pages={276-295},
  url={https://api.semanticscholar.org/CorpusID:4626744}
}
% Dividir en subproblemas y resolver iterativamente
@inproceedings{Floudas1990ACO,
  title={A Collection of Test Problems for Constrained Global Optimization Algorithms},
  author={Christodoulos A. Floudas and Panos M. Pardalos},
  booktitle={Lecture Notes in Computer Science},
  year={1990},
  url={https://api.semanticscholar.org/CorpusID:139191}
}

% Usar SOS1 Para mpecs de gas natural 

@article{SadddiquiNaturalGasSOS1,
author = {Siddiqui, Sauleh and Gabriel, Steven},
year = {2012},
month = {06},
pages = {},
title = {An SOS1-Based Approach for Solving MPECs with a Natural Gas Market Application},
volume = {13},
journal = {Networks and Spatial Economics},
doi = {10.1007/s11067-012-9178-y}
}

% Paper sobre el modelo a seguir de Gema
@article{Allende2012SolvingBP,
  title={Solving bilevel programs with the KKT-approach},
  author={Gemayqzel Bouza-Allende and Georg Still},
  journal={Mathematical Programming},
  year={2012},
  volume={138},
  pages={309 - 332},
  url={https://api.semanticscholar.org/CorpusID:18500519}
}
% Articulo donde se habla de las reformulaciones
@article{aussel2020,
	title={A short state of the art on multi-leader-follower games},
	author={Aussel, Didier and Svensson, Anton},
	journal={Bilevel optimization: Advances and next challenges},
	pages={53--76},
	year={2020},
	publisher={Springer}
}
% Articulo de BilevelJump
@article{BilevelJump,
  title={BilevelJuMP.jl: Modeling and Solving Bilevel Optimization in Julia},
  author={Joaquim Dias Garcia and Guilherme Bodin and Alexandre Street},
  journal={ArXiv},
  year={2022},
  volume={abs/2205.02307},
  url={https://api.semanticscholar.org/CorpusID:248524800}
}
% Articulo citar a JuMP
@article{JuMPPaper,
    author = {Miles Lubin and Oscar Dowson and Joaquim {Dias Garcia} and Joey Huchette and Beno{\^i}t Legat and Juan Pablo Vielma},
    title = {{JuMP} 1.0: {R}ecent improvements to a modeling language for mathematical optimization},
    journal = {Mathematical Programming Computation},
    year = {2023},
    doi = {10.1007/s12532-023-00239-3},
    url={https://jump.dev/JuMP.jl/stable/}
}
% Articulo de Flegel y kanzow sobre los puntos de estacionalidad de los MPEC
@article{Flegel2003AFJ,
  title={A Fritz John Approach to First Order Optimality Conditions for Mathematical Programs with Equilibrium Constraints},
  author={Michael L. Flegel and Christian Kanzow},
  journal={Optimization},
  year={2003},
  volume={52},
  pages={277 - 286},
  url={https://api.semanticscholar.org/CorpusID:26882450}
}
% Review de 2024 donde habla de algunas cosas del enfoque KKT
@inproceedings{Caselli2024BilevelOW,
  title={Bilevel optimization with sustainability perspective: a survey on applications},
  author={Giulia Caselli and Manuel Iori and Ivana Ljubi'c},
  year={2024},
  url={https://api.semanticscholar.org/CorpusID:270379993}
}
% Julia Documentation
@manual{Juliadocs,
  title = {Julia Documentation},
  author = {{JuliaLang}},
  year = {2025},
  url = {https://docs.julialang.org/en/v1/},
  
}
%Test Problems
% Bolib Paper
@article{BolibTestProblems,
  title={BOLIB: Bilevel Optimization LIBrary of Test Problems},
  author={Shenglong Zhou and Alain B. Zemkoho and Andrey Tin},
  journal={Bilevel Optimization},
  year={2018},
  url={https://api.semanticscholar.org/CorpusID:119636540}
}
%Libro de donde se sacaron los problemas lineales y cuadráticos
@inproceedings{Floudas1999HandbookOT,
  title={Handbook of Test Problems in Local and Global Optimization},
  author={Christodoulos A. Floudas},
  year={1999},
  url={https://api.semanticscholar.org/CorpusID:117898119}
}
%Biblioteca de Complementarity.jl
@misc{Complementarityjl,
  author = {Chkwon},
  title = {Complementarity.jl},
  year = {2025},
  url = {https://github.com/chkwon/Complementarity.jl},
}
% Dempe  Annotated Bibliography
@article{AnnotatedBibliographyDempe,
author = {Dempe, Stephan and Freiberg, Tu},
year = {2003},
month = {03},
pages = {},
title = {Annotated Bibliography on Bilevel Programming and Mathematical Programs with Equilibrium Constraints},
volume = {52},
journal = {Optimization},
doi = {10.1080/0233193031000149894}
}
% Aussel Bouza Dempe Lepaul
@article{Aussel2021GenericityAO,
  title={Genericity Analysis of Multi-Leader-Disjoint-Followers Game},
  author={Gemayqzel Bouza-Allende and Didier Aussel and  Stephan Dempe and S{\'e}bastien Lepaul},
  journal={SIAM J. Optim.},
  year={2021},
  volume={31},
  pages={2055-2079},
  url={https://api.semanticscholar.org/CorpusID:238717899}
}
